@article{ravanelli2020change,
  title={The Change in Core Temperature and Sweating Response during Exercise Are Unaffected by Time of Day within the Wake Period.},
  author={Ravanelli, Nicholas and Jay, Ollie},
  journal={Medicine and Science in Sports and Exercise},
  year={2020},
  DOI="10.1249/mss.0000000000002575"
}

@article{Lin1989,
  doi = {10.2307/2532051},
  url = {https://doi.org/10.2307/2532051},
  year = {1989},
  month = mar,
  publisher = {{JSTOR}},
  volume = {45},
  number = {1},
  pages = {255},
  author = {Lawrence I-Kuei Lin},
  title = {A Concordance Correlation Coefficient to Evaluate Reproducibility},
  journal = {Biometrics}
}

@Manual{cccrm,
    title = {cccrm: Concordance Correlation Coefficient for Repeated (and
Non-Repeated) Measures},
    author = {Josep Lluis Carrasco and Josep Puig Martinez},
    year = {2020},
    note = {R package version 2.0.1},
    url = {https://CRAN.R-project.org/package=cccrm},
  }

@article{carrasco2013,
  doi = {10.1016/j.cmpb.2012.09.002},
  url = {https://doi.org/10.1016/j.cmpb.2012.09.002},
  year = {2013},
  month = mar,
  publisher = {Elsevier {BV}},
  volume = {109},
  number = {3},
  pages = {293--304},
  author = {Josep L. Carrasco and Brenda R. Phillips and Josep Puig-Martinez and Tonya S. King and Vernon M. Chinchilli},
  title = {Estimation of the concordance correlation coefficient for repeated measures using {SAS} and R},
  journal = {Computer Methods and Programs in Biomedicine}
}

@article{carrasco2009,
  doi = {10.1080/10543400802527890},
  url = {https://doi.org/10.1080/10543400802527890},
  year = {2009},
  month = jan,
  publisher = {Informa {UK} Limited},
  volume = {19},
  number = {1},
  pages = {90--105},
  author = {Josep L. Carrasco and Tonya S. King and Vernon M. Chinchilli},
  title = {The Concordance Correlation Coefficient for Repeated Measures Estimated by Variance Components},
  journal = {Journal of Biopharmaceutical Statistics}
}

@article{carrasco2003,
  doi = {10.1111/j.0006-341x.2003.00099.x},
  url = {https://doi.org/10.1111/j.0006-341x.2003.00099.x},
  year = {2003},
  month = dec,
  publisher = {Wiley},
  volume = {59},
  number = {4},
  pages = {849--858},
  author = {Josep L. Carrasco and Llu{\'{\i}}s Jover},
  title = {Estimating the Generalized Concordance Correlation Coefficient through Variance Components},
  journal = {Biometrics}
}

@article{Parker2016,
  doi = {10.1371/journal.pone.0168321},
  url = {https://doi.org/10.1371/journal.pone.0168321},
  year = {2016},
  month = dec,
  publisher = {Public Library of Science ({PLoS})},
  volume = {11},
  number = {12},
  pages = {e0168321},
  author = {Richard A. Parker and Christopher J. Weir and Noah Rubio and Roberto Rabinovich and Hilary Pinnock and Janet Hanley and Lucy McCloughan and Ellen M. Drost and Leandro C. Mantoani and William MacNee and Brian McKinstry},
  editor = {Hong-Long (James) Ji},
  title = {Application of Mixed Effects Limits of Agreement in the Presence of Multiple Sources of Variability: Exemplar from the Comparison of Several Devices to Measure Respiratory Rate in {COPD} Patients},
  journal = {{PLOS} {ONE}}
}
