@Manual{R-base,
  title = {R: A Language and Environment for Statistical Computing},
  author = {{R Core Team}},
  organization = {R Foundation for Statistical Computing},
  address = {Vienna, Austria},
  year = {2020},
  url = {https://www.R-project.org/},
}

@article{shieh2019,
  doi = {10.1080/19466315.2019.1677495},
  url = {https://doi.org/10.1080/19466315.2019.1677495},
  year = {2019},
  month = dec,
  publisher = {Informa {UK} Limited},
  volume = {12},
  number = {3},
  pages = {352--359},
  author = {Gwowen Shieh},
  title = {Assessing Agreement Between Two Methods of Quantitative Measurements: Exact Test Procedure and Sample Size Calculation},
  journal = {Statistics in Biopharmaceutical Research}
}

@article{bland1986,
  doi = {10.1016/s0140-6736(86)90837-8},
  url = {https://doi.org/10.1016/s0140-6736(86)90837-8},
  year = {1986},
  month = feb,
  publisher = {Elsevier {BV}},
  volume = {327},
  number = {8476},
  pages = {307--310},
  author = {J Martin Bland and Douglas G Altman},
  title = {Statistical methods for assessing agreement between two methods of clinical measurement},
  journal = {The Lancet}
}

@article{bland1999,
  doi = {10.1177/096228029900800204},
  url = {https://doi.org/10.1177/096228029900800204},
  year = {1999},
  month = apr,
  publisher = {{SAGE} Publications},
  volume = {8},
  number = {2},
  pages = {135--160},
  author = {J Martin Bland and Douglas G Altman},
  title = {Measuring agreement in method comparison studies},
  journal = {Statistical Methods in Medical Research}
}

@article{lin1989,
  doi = {10.2307/2532051},
  url = {https://doi.org/10.2307/2532051},
  year = {1989},
  month = mar,
  publisher = {{JSTOR}},
  volume = {45},
  number = {1},
  pages = {255},
  author = {Lawrence I-Kuei Lin},
  title = {A Concordance Correlation Coefficient to Evaluate Reproducibility},
  journal = {Biometrics}
}

@article{zou2011,
  doi = {10.1177/0962280211402548},
  url = {https://doi.org/10.1177/0962280211402548},
  year = {2011},
  month = jun,
  publisher = {{SAGE} Publications},
  volume = {22},
  number = {6},
  pages = {630--642},
  author = {GY Zou},
  title = {Confidence interval estimation for the {Bland-Altman} limits of agreement with multiple observations per individual},
  journal = {Statistical Methods in Medical Research}
}

@article{king2007,
  doi = {10.1002/sim.2778},
  url = {https://doi.org/10.1002/sim.2778},
  year = {2007},
  publisher = {Wiley},
  volume = {26},
  number = {16},
  pages = {3095--3113},
  author = {Tonya S King and Vernon M Chinchilli and Josep L Carrasco},
  title = {A repeated measures concordance correlation coefficient},
  journal = {Statistics in Medicine}
}

@article{carrasco2009,
  doi = {10.1080/10543400802527890},
  url = {https://doi.org/10.1080/10543400802527890},
  year = {2009},
  month = jan,
  publisher = {Informa {UK} Limited},
  volume = {19},
  number = {1},
  pages = {90--105},
  author = {Josep L Carrasco and Tonya S King and Vernon M Chinchilli},
  title = {The Concordance Correlation Coefficient for Repeated Measures Estimated by Variance Components},
  journal = {Journal of Biopharmaceutical Statistics}
}

@article{carrasco2013,
  doi = {10.1016/j.cmpb.2012.09.002},
  url = {https://doi.org/10.1016/j.cmpb.2012.09.002},
  year = {2013},
  month = mar,
  publisher = {Elsevier {BV}},
  volume = {109},
  number = {3},
  pages = {293--304},
  author = {Josep L Carrasco and Brenda R Phillips and Josep Puig-Martinez and Tonya S King and Vernon M Chinchilli},
  title = {Estimation of the concordance correlation coefficient for repeated measures using {SAS} and {R}},
  journal = {Computer Methods and Programs in Biomedicine}
}

@article{weir2005,
  url = {https://pubmed.ncbi.nlm.nih.gov/15705040/},
  year = {2005},
  volume = {19},
  number = {1},
  pages = {231},
  author = {Joseph P. Weir},
  title = {Quantifying Test-Retest Reliability Using the Intraclass Correlation Coefficient and the {SEM}},
  journal = {The Journal of Strength and Conditioning Research},
  doi = {10.1519/00124278-200502000-00038}
}

@article{lu2016,
  doi = {10.1515/ijb-2015-0039},
  url = {https://doi.org/10.1515/ijb-2015-0039},
  year = {2016},
  month = nov,
  publisher = {Walter de Gruyter {GmbH}},
  volume = {12},
  number = {2},
  author = {Meng-Jie Lu and Wei-Hua Zhong and Yu-Xiu Liu and Hua-Zhang Miao and Yong-Chang Li and Mu-Huo Ji},
  title = {Sample Size for Assessing Agreement between Two Methods of Measurement by {Bland-Altman} Method},
  journal = {The International Journal of Biostatistics}
}

@software{jamovi,
  author = {{The jamovi project}},
  title = {{jamovi}},
  url = {https://www.jamovi.org},
  version = {1.6.23},
  date = {2021-05-11},
}

@Manual{MethComp,
    title = {MethComp: Analysis of Agreement in Method Comparison Studies},
    author = {Bendix Carstensen and Lyle Gurrin and Claus Thorn Ekstr√∏m and Michal Figurski},
    year = {2020},
    note = {R package version 1.30.0},
    url = {https://CRAN.R-project.org/package=MethComp},
  }

  @Manual{blandr,
    title = {blandr: a {Bland-Altman} Method Comparison package for {R}},
    author = {Deepankar Datta},
    doi = {10.5281/zenodo.824514},
    year = {2017},
    url = {https://github.com/deepankardatta/blandr},
  }

@Manual{BlandAltmanLeh,
    title = {{BlandAltmanLeh}: Plots (Slightly Extended) {Bland-Altman} Plots},
    author = {Bernhard Lehnert},
    year = {2015},
    note = {R package version 0.3.1},
    url = {https://CRAN.R-project.org/package=BlandAltmanLeh},
  }

 @Manual{psych,
    title = {psych: Procedures for Psychological, Psychometric, and Personality Research},
    author = {William Revelle},
    organization = { Northwestern University},
    address = { Evanston, Illinois},
    year = {2020},
    note = {[R] package version 2.0.12},
    url = {https://CRAN.R-project.org/package=psych},
  }

  @Article{ICC,
    title = {Guidelines for Estimating Repeatability},
    author = {Matthew E Wolak and Daphne J Fairbairn and Yale R Paulsen},
    year = {2012},
    journal = {Methods in Ecology and Evolution},
    volume = {3},
    number = {1},
    pages = {129-137},
    doi = {10.1111/j.2041-210X.2011.00125.x}
  }

